@Book{ Larman2007,
	author = "Craig Larman",
	edition = 3,
	interhash = "e3e307ca171a137b0e479d5951b10a68",
	intrahash = "e41e67f689b9ada3cb630d3a8aacfe55",
	publisher = "Prentice Hall",
	title = "Applying UML and Patterns: An Introduction to Object-Oriented Analysis and Design and Iterative Development",
	year = 2007,
	keywords = "software-design",
	added-at = "2010-10-17T02:10:06.000+0200",
	file = "Larman2007.pdf:Larman2007.pdf:PDF",
	isbn = "9780131489066",
	biburl = "http://www.bibsonomy.org/bibtex/2e41e67f689b9ada3cb630d3a8aacfe55/lleme"
}

@Book{ GammaHJV2001,
	author = "Erich Gamma and Richard Helm and Ralph Johnson and John Vlissides",
	interhash = "34f2dce301d262b76c14e88e170cb35e",
	intrahash = "39e134a96e1c340dfca9479a9b27d9c9",
	publisher = "Addison Wesley",
	title = "Design Patterns",
	year = 2001,
	timestamp = "14.05.2007",
	keywords = "Pattern Design",
	added-at = "2010-09-07T21:25:41.000+0200",
	isbn = "0201633612",
	owner = "tmichel",
	biburl = "http://www.bibsonomy.org/bibtex/239e134a96e1c340dfca9479a9b27d9c9/funthomas424242"
}